
@INPROCEEDINGS{8578485,
  author={Anderson, Peter and Wu, Qi and Teney, Damien and Bruce, Jake and Johnson, Mark and Sünderhauf, Niko and Reid, Ian and Gould, Stephen and van den Hengel, Anton},
  booktitle={2018 IEEE/CVF Conference on Computer Vision and Pattern Recognition}, 
  title={Vision-and-Language Navigation: Interpreting Visually-Grounded Navigation Instructions in Real Environments}, 
  year={2018},
  volume={},
  number={},
  pages={3674-3683},
  keywords={Navigation;Task analysis;Robots;Visualization;Cameras;Three-dimensional displays;Natural languages},
  doi={10.1109/CVPR.2018.00387}}

@BOOK{attenion_is_all_you_need,
 author = {Vaswani, Ashish and Shazeer, Noam and Parmar, Niki and Uszkoreit, Jakob and Jones, Llion and Gomez, Aidan N and Kaiser, \L ukasz and Polosukhin, Illia},
 booktitle = {Advances in Neural Information Processing Systems},
 editor = {I. Guyon and U. Von Luxburg and S. Bengio and H. Wallach and R. Fergus and S. Vishwanathan and R. Garnett},
 pages = {},
 publisher = {Curran Associates, Inc.},
 title = {Attention is All you Need},
 url = {https://proceedings.neurips.cc/paper_files/paper/2017/file/3f5ee243547dee91fbd053c1c4a845aa-Paper.pdf},
 volume = {30},
 year = {2017}
}

@ARTICLE{VLN_survey_taxonomy,
author = {Wu, Wansen and Chang, Tao and Li, Xinmeng and Yin, Quanjun, and Hu, Yue},
booktitle = {Neural Computing and Applications},
title = {Vision-language navigation: a survey and taxonomy},
year = {2024},
pages = {3291-3316},
volume = {36},
doi = {10.1007/s00521-023-09217-1}
}

@ONLINE{krantz2020navgraphvisionandlanguagenavigationcontinuous,
      title={Beyond the Nav-Graph: Vision-and-Language Navigation in Continuous Environments}, 
      author={Jacob Krantz and Erik Wijmans and Arjun Majumdar and Dhruv Batra and Stefan Lee},
      year={2020},
      eprint={2004.02857},
      archivePrefix={arXiv},
      primaryClass={cs.CV},
      url={https://arxiv.org/abs/2004.02857}, 
}

@INPROCEEDINGS{pmlr-v155-anderson21a,
  title = {Sim-to-Real Transfer for Vision-and-Language Navigation},
  author = {Anderson, Peter and Shrivastava, Ayush and Truong, Joanne and Majumdar, Arjun and Parikh, Devi and Batra, Dhruv and Lee, Stefan},
  booktitle = {Proceedings of the 2020 Conference on Robot Learning},
  pages = {671--681},
  year = {2021},
  editor = {Kober, Jens and Ramos, Fabio and Tomlin, Claire},
  volume = {155},
  series = {Proceedings of Machine Learning Research},
  month = {16--18 Nov},
  publisher = {PMLR},
  pdf = {https://proceedings.mlr.press/v155/anderson21a/anderson21a.pdf},
  url = {https://proceedings.mlr.press/v155/anderson21a.html},
}

@ONLINE{pan2024langnavlanguageperceptualrepresentation,
      title={LangNav: Language as a Perceptual Representation for Navigation}, 
      author={Bowen Pan and Rameswar Panda and SouYoung Jin and Rogerio Feris and Aude Oliva and Phillip Isola and Yoon Kim},
      year={2024},
      eprint={2310.07889},
      archivePrefix={arXiv},
      primaryClass={cs.CV},
      url={https://arxiv.org/abs/2310.07889}, 
}

@ONLINE{chen2024mapgptmapguidedpromptingadaptive,
      title={MapGPT: Map-Guided Prompting with Adaptive Path Planning for Vision-and-Language Navigation}, 
      author={Jiaqi Chen and Bingqian Lin and Ran Xu and Zhenhua Chai and Xiaodan Liang and Kwan-Yee K. Wong},
      year={2024},
      eprint={2401.07314},
      archivePrefix={arXiv},
      primaryClass={cs.AI},
      url={https://arxiv.org/abs/2401.07314}, 
}

@INPROCEEDINGS{zhou2023navgptexplicitreasoningvisionandlanguage,
      title={NavGPT: Explicit Reasoning in Vision-and-Language Navigation with Large Language Models}, 
      author={Gengze Zhou and Yicong Hong and Qi Wu},
      year={2024},
      booktitle = {Proceedings of the AAAI Conference on Artificial Intelligence},
      volume = {38},
      number = {7},
      pages = {7641-7649},
      doi = {10.1609/aaai.v38i7.28597}
}

@article{long2023_discussnav,
  title={Discuss before moving: Visual language navigation via multi-expert discussions},
  author={Long, Yuxing and Li, Xiaoqi and Cai, Wenzhe and Dong, Hao},
  journal={arXiv preprint arXiv:2309.11382},
  year={2023}
}

@inproceedings{hong2021_vlnbert,
  title={Vln bert: A recurrent vision-and-language bert for navigation},
  author={Hong, Yicong and Wu, Qi and Qi, Yuankai and Rodriguez-Opazo, Cristian and Gould, Stephen},
  booktitle={Proceedings of the IEEE/CVF conference on Computer Vision and Pattern Recognition},
  pages={1643--1653},
  year={2021}
}

@InProceedings{navgpt2,
  author="Zhou, Gengze
  and Hong, Yicong
  and Wang, Zun
  and Wang, Xin Eric
  and Wu, Qi",
  editor="Leonardis, Ale{\v{s}}
  and Ricci, Elisa
  and Roth, Stefan
  and Russakovsky, Olga
  and Sattler, Torsten
  and Varol, G{\"u}l",
  title="NavGPT-2: Unleashing Navigational Reasoning Capability for Large Vision-Language Models",
  booktitle="Computer Vision -- ECCV 2024",
  year="2025",
  publisher="Springer Nature Switzerland",
  address="Cham",
  pages="260--278",
  isbn="978-3-031-72667-5"
}

@article{chen2021_HAMT,
  title={History aware multimodal transformer for vision-and-language navigation},
  author={Chen, Shizhe and Guhur, Pierre-Louis and Schmid, Cordelia and Laptev, Ivan},
  journal={Advances in neural information processing systems},
  volume={34},
  pages={5834--5847},
  year={2021}
}

@article{HE2024110511_MemoryAdaptiveVLN,
  title = {Memory-Adaptive Vision-and-Language Navigation},
  journal = {Pattern Recognition},
  volume = {153},
  pages = {110511},
  year = {2024},
  issn = {0031-3203},
  doi = {https://doi.org/10.1016/j.patcog.2024.110511},
  url = {https://www.sciencedirect.com/science/article/pii/S0031320324002620},
  author = {Keji He and Ya Jing and Yan Huang and Zhihe Lu and Dong An and Liang Wang},
}

@inproceedings{51647,
  title	= {Do As I Can, Not As I Say: Grounding Language in Robotic Affordances},
  author	= {Alex Irpan and Alexander Herzog and Alexander Toshkov Toshev and Andy Zeng and Anthony Brohan and Brian Andrew Ichter and Byron David and Carolina Parada and Chelsea Finn and Clayton Tan and Diego Reyes and Dmitry Kalashnikov and Eric Victor Jang and Fei Xia and Jarek Liam Rettinghouse and Jasmine Chiehju Hsu and Jornell Lacanlale Quiambao and Julian Ibarz and Kanishka Rao and Karol Hausman and Keerthana Gopalakrishnan and Kuang-Huei Lee and Kyle Alan Jeffrey and Linda Luu and Mengyuan Yan and Michael Soogil Ahn and Nicolas Sievers and Nikhil J Joshi and Noah Brown and Omar Eduardo Escareno Cortes and Peng Xu and Peter Pastor Sampedro and Pierre Sermanet and Rosario Jauregui Ruano and Ryan Christopher Julian and Sally Augusta Jesmonth and Sergey Levine and Steve Xu and Ted Xiao and Vincent Olivier Vanhoucke and Yao Lu and Yevgen Chebotar and Yuheng Kuang},
  year	= {2022},
  URL	= {https://arxiv.org/abs/2204.01691}
}

@article{LMs_as_knowledge_bases,
  author       = {Fabio Petroni and
                  Tim Rockt{\"{a}}schel and
                  Patrick S. H. Lewis and
                  Anton Bakhtin and
                  Yuxiang Wu and
                  Alexander H. Miller and
                  Sebastian Riedel},
  title        = {Language Models as Knowledge Bases?},
  journal      = {CoRR},
  volume       = {abs/1909.01066},
  year         = {2019},
  url          = {http://arxiv.org/abs/1909.01066},
  eprinttype    = {arXiv},
  eprint       = {1909.01066},
  timestamp    = {Tue, 21 Jan 2020 08:54:02 +0100},
  biburl       = {https://dblp.org/rec/journals/corr/abs-1909-01066.bib},
  bibsource    = {dblp computer science bibliography, https://dblp.org}
}

@article{LoRA,
  author       = {Edward J. Hu and
                  Yelong Shen and
                  Phillip Wallis and
                  Zeyuan Allen{-}Zhu and
                  Yuanzhi Li and
                  Shean Wang and
                  Weizhu Chen},
  title        = {LoRA: Low-Rank Adaptation of Large Language Models},
  journal      = {CoRR},
  volume       = {abs/2106.09685},
  year         = {2021},
  url          = {https://arxiv.org/abs/2106.09685},
  eprinttype    = {arXiv},
  eprint       = {2106.09685},
  timestamp    = {Tue, 29 Jun 2021 16:55:04 +0200},
  biburl       = {https://dblp.org/rec/journals/corr/abs-2106-09685.bib},
  bibsource    = {dblp computer science bibliography, https://dblp.org}
}

@inproceedings{MLSYS2024_42a452cb,
 author = {Lin, Ji and Tang, Jiaming and Tang, Haotian and Yang, Shang and Chen, Wei-Ming and Wang, Wei-Chen and Xiao, Guangxuan and Dang, Xingyu and Gan, Chuang and Han, Song},
 booktitle = {Proceedings of Machine Learning and Systems},
 editor = {P. Gibbons and G. Pekhimenko and C. De Sa},
 pages = {87--100},
 title = {AWQ: Activation-aware Weight Quantization for On-Device LLM Compression and Acceleration},
 url = {https://proceedings.mlsys.org/paper_files/paper/2024/file/42a452cbafa9dd64e9ba4aa95cc1ef21-Paper-Conference.pdf},
 volume = {6},
 year = {2024}
}

@article{qwen2,
      title={Qwen2 Technical Report},
      author={An Yang and Baosong Yang and Binyuan Hui and Bo Zheng and Bowen Yu and Chang Zhou and Chengpeng Li and Chengyuan Li and Dayiheng Liu and Fei Huang and Guanting Dong and Haoran Wei and Huan Lin and Jialong Tang and Jialin Wang and Jian Yang and Jianhong Tu and Jianwei Zhang and Jianxin Ma and Jin Xu and Jingren Zhou and Jinze Bai and Jinzheng He and Junyang Lin and Kai Dang and Keming Lu and Keqin Chen and Kexin Yang and Mei Li and Mingfeng Xue and Na Ni and Pei Zhang and Peng Wang and Ru Peng and Rui Men and Ruize Gao and Runji Lin and Shijie Wang and Shuai Bai and Sinan Tan and Tianhang Zhu and Tianhao Li and Tianyu Liu and Wenbin Ge and Xiaodong Deng and Xiaohuan Zhou and Xingzhang Ren and Xinyu Zhang and Xipin Wei and Xuancheng Ren and Yang Fan and Yang Yao and Yichang Zhang and Yu Wan and Yunfei Chu and Yuqiong Liu and Zeyu Cui and Zhenru Zhang and Zhihao Fan},
      journal={arXiv preprint arXiv:2407.10671},
      year={2024}
}

@article{Qwen2VL,
  title={Qwen2-VL: Enhancing Vision-Language Model's Perception of the World at Any Resolution},
  author={Wang, Peng and Bai, Shuai and Tan, Sinan and Wang, Shijie and Fan, Zhihao and Bai, Jinze and Chen, Keqin and Liu, Xuejing and Wang, Jialin and Ge, Wenbin and Fan, Yang and Dang, Kai and Du, Mengfei and Ren, Xuancheng and Men, Rui and Liu, Dayiheng and Zhou, Chang and Zhou, Jingren and Lin, Junyang},
  journal={arXiv preprint arXiv:2409.12191},
  year={2024}
}

@article{Qwen-VL,
  title={Qwen-VL: A Versatile Vision-Language Model for Understanding, Localization, Text Reading, and Beyond},
  author={Bai, Jinze and Bai, Shuai and Yang, Shusheng and Wang, Shijie and Tan, Sinan and Wang, Peng and Lin, Junyang and Zhou, Chang and Zhou, Jingren},
  journal={arXiv preprint arXiv:2308.12966},
  year={2023}
}

@article{Matterport3D,
  title={{Matterport3D}: Learning from {RGB-D} Data in Indoor Environments},
  author={Chang, Angel and Dai, Angela and Funkhouser, Thomas and Halber, Maciej and Niessner, Matthias and Savva, Manolis and Song, Shuran and Zeng, Andy and Zhang, Yinda},
  journal={International Conference on 3D Vision (3DV)},
  year={2017}
}

@misc{puig2023habitat3,
      title  = {Habitat 3.0: A Co-Habitat for Humans, Avatars and Robots},
      author = {Xavi Puig and Eric Undersander and Andrew Szot and Mikael Dallaire Cote and Ruslan Partsey and Jimmy Yang and Ruta Desai and Alexander William Clegg and Michal Hlavac and Tiffany Min and Theo Gervet and Vladimír Vondruš and Vincent-Pierre Berges and John Turner and Oleksandr Maksymets and Zsolt Kira and Mrinal Kalakrishnan and Jitendra Malik and Devendra Singh Chaplot and Unnat Jain and Dhruv Batra and Akshara Rai and Roozbeh Mottaghi},
      year={2023},
      archivePrefix={arXiv},
}

@inproceedings{szot2021habitat,
  title     =     {Habitat 2.0: Training Home Assistants to Rearrange their Habitat},
  author    =     {Andrew Szot and Alex Clegg and Eric Undersander and Erik Wijmans and Yili Zhao and John Turner and Noah Maestre and Mustafa Mukadam and Devendra Chaplot and Oleksandr Maksymets and Aaron Gokaslan and Vladimir Vondrus and Sameer Dharur and Franziska Meier and Wojciech Galuba and Angel Chang and Zsolt Kira and Vladlen Koltun and Jitendra Malik and Manolis Savva and Dhruv Batra},
  booktitle =     {Advances in Neural Information Processing Systems (NeurIPS)},
  year      =     {2021}
}

@inproceedings{habitat19iccv,
  title     =     {Habitat: {A} {P}latform for {E}mbodied {AI} {R}esearch},
  author    =     {Manolis Savva and Abhishek Kadian and Oleksandr Maksymets and Yili Zhao and Erik Wijmans and Bhavana Jain and Julian Straub and Jia Liu and Vladlen Koltun and Jitendra Malik and Devi Parikh and Dhruv Batra},
  booktitle =     {Proceedings of the IEEE/CVF International Conference on Computer Vision (ICCV)},
  year      =     {2019}
}

@inproceedings{rxr,
  title={{Room-Across-Room}: Multilingual Vision-and-Language Navigation with Dense Spatiotemporal Grounding},
  author={Alexander Ku and Peter Anderson and Roma Patel and Eugene Ie and Jason Baldridge},
  booktitle={Conference on Empirical Methods for Natural Language Processing (EMNLP)},
  year={2020}
}

@inproceedings{mattersim,
  title={Vision-and-Language Navigation: Interpreting visually-grounded navigation instructions in real environments},
  author={Peter Anderson and Qi Wu and Damien Teney and Jake Bruce and Mark Johnson and Niko S{\"u}nderhauf and Ian Reid and Stephen Gould and Anton van den Hengel},
  booktitle={Proceedings of the IEEE Conference on Computer Vision and Pattern Recognition (CVPR)},
  year={2018}
}

@inproceedings{zheng2024llamafactory,
  title={LlamaFactory: Unified Efficient Fine-Tuning of 100+ Language Models},
  author={Yaowei Zheng and Richong Zhang and Junhao Zhang and Yanhan Ye and Zheyan Luo and Zhangchi Feng and Yongqiang Ma},
  booktitle={Proceedings of the 62nd Annual Meeting of the Association for Computational Linguistics (Volume 3: System Demonstrations)},
  address={Bangkok, Thailand},
  publisher={Association for Computational Linguistics},
  year={2024},
  url={http://arxiv.org/abs/2403.13372}
}

@misc{openai2024gpt4technicalreport,
      title={GPT-4 Technical Report}, 
      author={OpenAI and Josh Achiam and Steven Adler and Sandhini Agarwal and Lama Ahmad and Ilge Akkaya and Florencia Leoni Aleman and Diogo Almeida and Janko Altenschmidt and Sam Altman and Shyamal Anadkat and Red Avila and Igor Babuschkin and Suchir Balaji and Valerie Balcom and Paul Baltescu and Haiming Bao and Mohammad Bavarian and Jeff Belgum and Irwan Bello and Jake Berdine and Gabriel Bernadett-Shapiro and Christopher Berner and Lenny Bogdonoff and Oleg Boiko and Madelaine Boyd and Anna-Luisa Brakman and Greg Brockman and Tim Brooks and Miles Brundage and Kevin Button and Trevor Cai and Rosie Campbell and Andrew Cann and Brittany Carey and Chelsea Carlson and Rory Carmichael and Brooke Chan and Che Chang and Fotis Chantzis and Derek Chen and Sully Chen and Ruby Chen and Jason Chen and Mark Chen and Ben Chess and Chester Cho and Casey Chu and Hyung Won Chung and Dave Cummings and Jeremiah Currier and Yunxing Dai and Cory Decareaux and Thomas Degry and Noah Deutsch and Damien Deville and Arka Dhar and David Dohan and Steve Dowling and Sheila Dunning and Adrien Ecoffet and Atty Eleti and Tyna Eloundou and David Farhi and Liam Fedus and Niko Felix and Simón Posada Fishman and Juston Forte and Isabella Fulford and Leo Gao and Elie Georges and Christian Gibson and Vik Goel and Tarun Gogineni and Gabriel Goh and Rapha Gontijo-Lopes and Jonathan Gordon and Morgan Grafstein and Scott Gray and Ryan Greene and Joshua Gross and Shixiang Shane Gu and Yufei Guo and Chris Hallacy and Jesse Han and Jeff Harris and Yuchen He and Mike Heaton and Johannes Heidecke and Chris Hesse and Alan Hickey and Wade Hickey and Peter Hoeschele and Brandon Houghton and Kenny Hsu and Shengli Hu and Xin Hu and Joost Huizinga and Shantanu Jain and Shawn Jain and Joanne Jang and Angela Jiang and Roger Jiang and Haozhun Jin and Denny Jin and Shino Jomoto and Billie Jonn and Heewoo Jun and Tomer Kaftan and Łukasz Kaiser and Ali Kamali and Ingmar Kanitscheider and Nitish Shirish Keskar and Tabarak Khan and Logan Kilpatrick and Jong Wook Kim and Christina Kim and Yongjik Kim and Jan Hendrik Kirchner and Jamie Kiros and Matt Knight and Daniel Kokotajlo and Łukasz Kondraciuk and Andrew Kondrich and Aris Konstantinidis and Kyle Kosic and Gretchen Krueger and Vishal Kuo and Michael Lampe and Ikai Lan and Teddy Lee and Jan Leike and Jade Leung and Daniel Levy and Chak Ming Li and Rachel Lim and Molly Lin and Stephanie Lin and Mateusz Litwin and Theresa Lopez and Ryan Lowe and Patricia Lue and Anna Makanju and Kim Malfacini and Sam Manning and Todor Markov and Yaniv Markovski and Bianca Martin and Katie Mayer and Andrew Mayne and Bob McGrew and Scott Mayer McKinney and Christine McLeavey and Paul McMillan and Jake McNeil and David Medina and Aalok Mehta and Jacob Menick and Luke Metz and Andrey Mishchenko and Pamela Mishkin and Vinnie Monaco and Evan Morikawa and Daniel Mossing and Tong Mu and Mira Murati and Oleg Murk and David Mély and Ashvin Nair and Reiichiro Nakano and Rajeev Nayak and Arvind Neelakantan and Richard Ngo and Hyeonwoo Noh and Long Ouyang and Cullen O'Keefe and Jakub Pachocki and Alex Paino and Joe Palermo and Ashley Pantuliano and Giambattista Parascandolo and Joel Parish and Emy Parparita and Alex Passos and Mikhail Pavlov and Andrew Peng and Adam Perelman and Filipe de Avila Belbute Peres and Michael Petrov and Henrique Ponde de Oliveira Pinto and Michael and Pokorny and Michelle Pokrass and Vitchyr H. Pong and Tolly Powell and Alethea Power and Boris Power and Elizabeth Proehl and Raul Puri and Alec Radford and Jack Rae and Aditya Ramesh and Cameron Raymond and Francis Real and Kendra Rimbach and Carl Ross and Bob Rotsted and Henri Roussez and Nick Ryder and Mario Saltarelli and Ted Sanders and Shibani Santurkar and Girish Sastry and Heather Schmidt and David Schnurr and John Schulman and Daniel Selsam and Kyla Sheppard and Toki Sherbakov and Jessica Shieh and Sarah Shoker and Pranav Shyam and Szymon Sidor and Eric Sigler and Maddie Simens and Jordan Sitkin and Katarina Slama and Ian Sohl and Benjamin Sokolowsky and Yang Song and Natalie Staudacher and Felipe Petroski Such and Natalie Summers and Ilya Sutskever and Jie Tang and Nikolas Tezak and Madeleine B. Thompson and Phil Tillet and Amin Tootoonchian and Elizabeth Tseng and Preston Tuggle and Nick Turley and Jerry Tworek and Juan Felipe Cerón Uribe and Andrea Vallone and Arun Vijayvergiya and Chelsea Voss and Carroll Wainwright and Justin Jay Wang and Alvin Wang and Ben Wang and Jonathan Ward and Jason Wei and CJ Weinmann and Akila Welihinda and Peter Welinder and Jiayi Weng and Lilian Weng and Matt Wiethoff and Dave Willner and Clemens Winter and Samuel Wolrich and Hannah Wong and Lauren Workman and Sherwin Wu and Jeff Wu and Michael Wu and Kai Xiao and Tao Xu and Sarah Yoo and Kevin Yu and Qiming Yuan and Wojciech Zaremba and Rowan Zellers and Chong Zhang and Marvin Zhang and Shengjia Zhao and Tianhao Zheng and Juntang Zhuang and William Zhuk and Barret Zoph},
      year={2024},
      eprint={2303.08774},
      archivePrefix={arXiv},
      primaryClass={cs.CL},
      url={https://arxiv.org/abs/2303.08774}, 
}

@misc{vlm_leaderboard,
  author = {Hugging Face},
  howpublished = {\url{https://huggingface.co/spaces/opencompass/open_vlm_leaderboard}},
  title = {OpenVLM Leaderboard},
  year = {2024},
  note = {[Online]. Accessed: 2025-01-11}
}

@misc{open-nav,
      title={Open-Nav: Exploring Zero-Shot Vision-and-Language Navigation in Continuous Environment with Open-Source LLMs}, 
      author={Yanyuan Qiao and Wenqi Lyu and Hui Wang and Zixu Wang and Zerui Li and Yuan Zhang and Mingkui Tan and Qi Wu},
      year={2024},
      eprint={2409.18794},
      archivePrefix={arXiv},
      primaryClass={cs.RO},
      url={https://arxiv.org/abs/2409.18794}, 
}

@misc{touvron2023llamaopenefficientfoundation,
      title={LLaMA: Open and Efficient Foundation Language Models}, 
      author={Hugo Touvron and Thibaut Lavril and Gautier Izacard and Xavier Martinet and Marie-Anne Lachaux and Timothée Lacroix and Baptiste Rozière and Naman Goyal and Eric Hambro and Faisal Azhar and Aurelien Rodriguez and Armand Joulin and Edouard Grave and Guillaume Lample},
      year={2023},
      eprint={2302.13971},
      archivePrefix={arXiv},
      primaryClass={cs.CL},
      url={https://arxiv.org/abs/2302.13971}, 
}

@article{radford2018improving,
  title={Improving language understanding by generative pre-training},
  author={Radford, Alec},
  year={2018}
}

@INPROCEEDINGS{8954045,
  author={Ma, Chih-Yao and Wu, Zuxuan and AlRegib, Ghassan and Xiong, Caiming and Kira, Zsolt},
  booktitle={2019 IEEE/CVF Conference on Computer Vision and Pattern Recognition (CVPR)}, 
  title={The Regretful Agent: Heuristic-Aided Navigation Through Progress Estimation}, 
  year={2019},
  volume={},
  number={},
  pages={6725-6733},
  keywords={Vision + Language;Visual Reasoning},
  doi={10.1109/CVPR.2019.00689}}

@INPROCEEDINGS{9156554,
  author={Hao, Weituo and Li, Chunyuan and Li, Xiujun and Carin, Lawrence and Gao, Jianfeng},
  booktitle={2020 IEEE/CVF Conference on Computer Vision and Pattern Recognition (CVPR)}, 
  title={Towards Learning a Generic Agent for Vision-and-Language Navigation via Pre-Training}, 
  year={2020},
  volume={},
  number={},
  pages={13134-13143},
  keywords={Task analysis;Navigation;Visualization;Trajectory;Presses;Head;Predictive models},
  doi={10.1109/CVPR42600.2020.01315}}

@InProceedings{Guhur_2021_ICCV,
    author    = {Guhur, Pierre-Louis and Tapaswi, Makarand and Chen, Shizhe and Laptev, Ivan and Schmid, Cordelia},
    title     = {Airbert: In-Domain Pretraining for Vision-and-Language Navigation},
    booktitle = {Proceedings of the IEEE/CVF International Conference on Computer Vision (ICCV)},
    month     = {October},
    year      = {2021},
    pages     = {1634-1643}
}

@INPROCEEDINGS{8953608,
  author={Wang, Xin and Huang, Qiuyuan and Celikyilmaz, Asli and Gao, Jianfeng and Shen, Dinghan and Wang, Yuan-Fang and Wang, William Yang and Zhang, Lei},
  booktitle={2019 IEEE/CVF Conference on Computer Vision and Pattern Recognition (CVPR)}, 
  title={Reinforced Cross-Modal Matching and Self-Supervised Imitation Learning for Vision-Language Navigation}, 
  year={2019},
  volume={},
  number={},
  pages={6622-6631},
  keywords={Vision + Language;Robotics + Driving; Vision Applications and Systems; Visual Reasoning},
  doi={10.1109/CVPR.2019.00679}}

@misc{li2022blipbootstrappinglanguageimagepretraining,
      title={BLIP: Bootstrapping Language-Image Pre-training for Unified Vision-Language Understanding and Generation}, 
      author={Junnan Li and Dongxu Li and Caiming Xiong and Steven Hoi},
      year={2022},
      eprint={2201.12086},
      archivePrefix={arXiv},
      primaryClass={cs.CV},
      url={https://arxiv.org/abs/2201.12086}, 
}

@misc{zhu2021deformabledetrdeformabletransformers,
      title={Deformable DETR: Deformable Transformers for End-to-End Object Detection}, 
      author={Xizhou Zhu and Weijie Su and Lewei Lu and Bin Li and Xiaogang Wang and Jifeng Dai},
      year={2021},
      eprint={2010.04159},
      archivePrefix={arXiv},
      primaryClass={cs.CV},
      url={https://arxiv.org/abs/2010.04159}, 
}

@misc{li2023blip2bootstrappinglanguageimagepretraining,
      title={BLIP-2: Bootstrapping Language-Image Pre-training with Frozen Image Encoders and Large Language Models}, 
      author={Junnan Li and Dongxu Li and Silvio Savarese and Steven Hoi},
      year={2023},
      eprint={2301.12597},
      archivePrefix={arXiv},
      primaryClass={cs.CV},
      url={https://arxiv.org/abs/2301.12597}, 
}
@misc{lin2024navcotboostingllmbasedvisionandlanguage,
      title={NavCoT: Boosting LLM-Based Vision-and-Language Navigation via Learning Disentangled Reasoning}, 
      author={Bingqian Lin and Yunshuang Nie and Ziming Wei and Jiaqi Chen and Shikui Ma and Jianhua Han and Hang Xu and Xiaojun Chang and Xiaodan Liang},
      year={2024},
      eprint={2403.07376},
      archivePrefix={arXiv},
      primaryClass={cs.CV},
      url={https://arxiv.org/abs/2403.07376}, 
}